<record><leader>00000cas a2200000 a 4500</leader><controlfield tag="001">472454631</controlfield><controlfield tag="008">091203d19942000iluwr ne      0   a0eng c</controlfield><datafield ind1=" " ind2=" " tag="010"><subfield code="a">  2009271165</subfield></datafield><datafield ind1=" " ind2=" " tag="040"><subfield code="a">NVF</subfield><subfield code="b">eng</subfield><subfield code="c">NVF</subfield><subfield code="d">NVF</subfield><subfield code="d">OCLCQ</subfield><subfield code="d">NVF</subfield><subfield code="d">OCLCO</subfield><subfield code="d">OCLCF</subfield></datafield><datafield ind1=" " ind2=" " tag="042"><subfield code="a">pcc</subfield></datafield><datafield ind1=" " ind2=" " tag="043"><subfield code="a">n-us-il</subfield></datafield><datafield ind1="0" ind2="0" tag="245"><subfield code="a">Bolingbrook metropolitan.</subfield></datafield><datafield ind1="1" ind2="7" tag="246"><subfield code="a">Met</subfield></datafield><datafield ind1="1" ind2="3" tag="246"><subfield code="a">Bolingbrook/Romeoville metropolitan,</subfield><subfield code="f">May 13, 1999</subfield></datafield><datafield ind1="3" ind2="3" tag="246"><subfield code="a">Bolingbrook Romeoville metropolitan</subfield></datafield><datafield ind1=" " ind2=" " tag="260"><subfield code="a">Lemont, Ill. :</subfield><subfield code="b">Press Publication, Inc.,</subfield><subfield code="c">1994-2000.</subfield></datafield><datafield ind1=" " ind2=" " tag="300"><subfield code="a">v.</subfield></datafield><datafield ind1=" " ind2=" " tag="310"><subfield code="a">Weekly</subfield></datafield><datafield ind1="0" ind2=" " tag="362"><subfield code="a">Vol. 22, issue 20 (Nov. 3, 1994)-v. 34, issue 30 (July 27, 2000).</subfield></datafield><datafield ind1=" " ind2=" " tag="515"><subfield code="a">Continues the numbering of Metropolitan (Bolingbrook, Ill.).</subfield></datafield><datafield ind1=" " ind2="0" tag="651"><subfield code="a">Bolingbrook (Ill.)</subfield><subfield code="v">Newspapers.</subfield></datafield><datafield ind1=" " ind2="0" tag="651"><subfield code="a">Romeoville (Ill.)</subfield><subfield code="v">Newspapers.</subfield></datafield><datafield ind1=" " ind2="7" tag="655"><subfield code="a">Newspapers.</subfield><subfield code="2">fast</subfield><subfield code="0">(OCoLC)fst01423814</subfield></datafield><datafield ind1=" " ind2="7" tag="651"><subfield code="a">Illinois</subfield><subfield code="z">Bolingbrook.</subfield><subfield code="2">fast</subfield><subfield code="0">(OCoLC)fst01227027</subfield></datafield><datafield ind1=" " ind2="7" tag="651"><subfield code="a">Illinois</subfield><subfield code="z">Romeoville.</subfield><subfield code="2">fast</subfield><subfield code="0">(OCoLC)fst01232802</subfield></datafield><datafield ind1=" " ind2=" " tag="752"><subfield code="a">United States</subfield><subfield code="b">Illinois</subfield><subfield code="c">Will</subfield><subfield code="d">Lemont.</subfield></datafield><datafield ind1="0" ind2=" " tag="775"><subfield code="t">Romeoville metropolitan</subfield><subfield code="w">(DLC)sn2003060704</subfield><subfield code="w">(OCoLC)51319392</subfield></datafield><datafield ind1="0" ind2="0" tag="780"><subfield code="t">Metropolitan (Bolingbrook, Ill.)</subfield><subfield code="w">(DLC)sn2003060703</subfield><subfield code="w">(OCoLC)51319306</subfield></datafield><datafield ind1="0" ind2="5" tag="780"><subfield code="t">Romeoville metropolitan</subfield><subfield code="w">(DLC)sn2003060704</subfield><subfield code="w">(OCoLC)51319392</subfield></datafield><datafield ind1="0" ind2="0" tag="785"><subfield code="t">Reporter/met (Lemont, Ill. : Bolingbrook &amp; Romeoville ed.)</subfield><subfield code="w">(DLC)  2010271346</subfield><subfield code="w">(OCoLC)631882148</subfield></datafield></record>